Date/Time, Lon, Lat, Local X, Local Y, Snow Depth (m), Ice Thickness f1525Hz_hcp_i (m), Ice Thickness f1525Hz_hcp_q (m) Ice Thickness f5325Hz_hcp_i (m), Ice Thickness f5325Hz_hcp_q (m), Ice Thickness f18325Hz_hcp_i (m), Ice Thickness f18325Hz_hcp_q (m), Ice Thickness f63025Hz_hcp_i (m),Ice Thickness f63025Hz_hcp_q (m), Ice Thickness f93075Hz_hcp_i (m), Ice Thickness f93075Hz_hcp_q (m)
2020-01-17T11:51:15,99.07003166,87.5038016,786.5280917887351,-241.82013640878168,0.1336,5.333531578947368,5.6863473684210515,5.697294736842106,5.444478947368422,6.27632105263158,4.610452631578947,5.981136842105261,3.6749526315789467,5.337742105263157,3.4234263157894738
2020-01-17T11:51:19,99.069725,87.5037983,787.7418228643523,-241.70525007352785,0.1359,4.992715384615384,5.812869230769231,5.668074358974359,5.6087410256410255,6.468561538461539,4.696741025641027,6.287561538461538,3.717535897435896,5.469458974358973,3.4558692307692302
2020-01-17T11:51:23,99.06944834,87.503795,788.8937179049908,-241.66302109637394,0.15380000000000002,4.974815384615384,5.794969230769231,5.650174358974359,5.5908410256410255,6.450661538461539,4.678841025641027,6.269661538461538,3.699635897435896,5.451558974358973,3.4379692307692302
2020-01-17T11:51:27,99.06916167,87.50379,789.905689691853,-241.66223768437482,0.146,5.220191489361702,5.895978723404256,5.917893617021276,5.770255319148935,6.787382978723404,4.75508510638298,6.590446808510638,3.740702127659574,5.608808510638296,3.468489361702129
2020-01-17T11:51:33,99.06882,87.5037817,790.9104201514622,-241.4655603758979,0.192,5.87068085106383,6.53563829787234,6.279489361702126,6.037489361702129,8.30427659574468,4.882468085106383,9.968176470588235,3.754042553191489,6.3349361702127664,3.4715531914893605
2020-01-17T11:51:39,99.06853833,87.503775,791.9801238499981,-241.20692063933805,0.2268,5.8358808510638305,6.50083829787234,6.244689361702126,6.002689361702129,8.26947659574468,4.847668085106383,9.933376470588234,3.7192425531914894,6.300136170212767,3.4367531914893608
2020-01-17T11:51:43,99.06827333,87.50377,792.8207393355965,-241.20252074840192,0.1802,5.88248085106383,6.54743829787234,6.291289361702126,6.049289361702129,8.316076595744681,4.894268085106383,9.979976470588236,3.765842553191489,6.3467361702127665,3.4833531914893605
2020-01-17T11:51:49,99.06801834,87.5037633,793.7244057309911,-241.0357610072658,0.1909,5.755554545454545,6.557699999999999,6.232172727272726,6.122590909090909,7.858154545454545,4.902790909090911,9.681457142857141,3.778027272727272,6.299554545454545,3.4977363636363616
2020-01-17T11:51:54,99.06772499,87.503755,794.4405866736814,-241.0682089969246,0.32439999999999997,5.622054545454545,6.424199999999999,6.098672727272726,5.989090909090909,7.724654545454546,4.769290909090912,9.54795714285714,3.6445272727272724,6.1660545454545455,3.364236363636362
2020-01-17T11:51:59,99.067525,87.50375,795.328359951762,-240.6925765283786,0.22899999999999998,5.206781818181819,6.611203703703701,6.060145454545456,6.239399999999999,7.8402545454545445,4.946927272727273,9.375533333333333,3.8046727272727265,6.238709090909093,3.521545454545454
2020-01-17T11:52:05,99.06708334,87.5037384,795.885379469293,-240.79934750731547,0.23129999999999998,4.991082978723404,6.775295744680851,5.991572340425533,6.205721276595745,7.527253191489361,4.963231914893617,9.634381818181819,3.8090829787234037,6.276168085106382,3.52106170212766
2020-01-17T11:52:12,99.06667833,87.50373,797.3103483679032,-240.04117197883994,0.1527,5.069682978723404,6.853895744680851,6.0701723404255326,6.284321276595745,7.605853191489361,5.041831914893617,9.712981818181818,3.887682978723404,6.3547680851063815,3.5996617021276602
2020-01-17T11:52:17,99.066395,87.5037267,798.6199017528656,-239.856884034871,0.1561,5.047942553191491,7.077313043478259,6.137729787234041,6.591623404255321,8.926747826086954,5.138644680851063,nan,3.914048936170214,7.113963829787237,3.625729787234042
2020-01-17T11:52:21,99.06612334,87.503725,799.6131548884496,-240.02262757683573,0.109,5.160936170212767,7.094911111111109,6.174063829787234,6.683063829787231,8.195021276595746,5.19095744680851,nan,3.990106382978724,6.731936170212766,3.6958510638297875
2020-01-17T11:52:26,99.065795,87.5037216,800.6474608043043,-240.1937049008696,0.1247,4.766023404255319,7.481788888888891,6.138321276595743,6.630682978723406,7.951661702127656,5.17121489361702,9.902585714285713,3.9792787234042564,6.513214893617022,3.6839808510638288
2020-01-17T11:52:31,99.065505,87.503715,801.8474906371546,-240.28653329698966,0.32439999999999997,4.28964255319149,7.6595142857142875,5.697004255319149,6.8300468085106365,7.6468127659574465,5.0119404255319155,9.820781818181818,3.802238297872341,6.226429787234045,3.5086212765957456
2020-01-17T11:52:40,99.06517834,87.5037034,802.7671656065485,-240.08964879981676,0.4153,5.908392307692308,8.237964705882353,6.741751282051282,6.445571794871795,10.48731111111111,4.8009051282051285,8.9197,3.684341025641026,6.131084615384616,3.4127769230769225
2020-01-17T11:52:48,99.064775,87.5036967,803.5203366476175,-240.03517376448858,0.3901,4.947573913043478,8.169548648648648,6.273443478260869,6.468269565217391,9.333704878048785,4.78626956521739,8.68264193548387,3.6904869565217404,5.983899999999998,3.419508695652175
2020-01-17T11:52:54,99.06433,87.5036917,804.8313633202818,-240.21733306001227,0.17739999999999997,5.772890909090908,8.431193749999997,7.067890909090911,6.63269090909091,10.730933333333331,4.9179272727272725,8.363977358490565,3.869309090909091,5.952163636363639,3.6108545454545453
2020-01-17T11:53:00,99.06402167,87.5036833,806.4800853380814,-240.15970332492438,0.2734,6.148363636363638,7.73895294117647,7.7863999999999995,6.805545454545455,9.6556,4.743418181818182,7.342327272727272,3.678581818181817,5.499181818181819,3.436163636363637
2020-01-17T11:53:10,99.06351,87.5036684,807.3834556539169,-239.92682953064448,1.0979999999999999,5.323763636363638,6.91435294117647,6.961799999999999,5.980945454545455,8.831,3.9188181818181818,6.517727272727272,2.853981818181817,4.674581818181819,2.611563636363637
2020-01-17T11:53:24,99.063095,87.50365,808.8254103329596,-239.40742521525226,1.2,6.820382978723404,9.834000000000001,nan,8.618333333333336,nan,4.048489361702128,nan,2.7272127659574465,6.496617021276598,2.4772127659574465
2020-01-17T11:53:33,99.062845,87.5036333,809.5166409195476,-239.36012338592167,1.172,6.8483829787234045,9.862,nan,8.646333333333335,nan,4.076489361702128,nan,2.755212765957446,6.524617021276598,2.505212765957446
2020-01-17T11:53:56,99.062175,87.5036,809.7281486484193,-238.83122530867755,0.6498,7.370582978723404,10.3842,nan,9.168533333333334,nan,4.598689361702128,nan,3.2774127659574464,7.046817021276598,3.0274127659574464
2020-01-17T11:54:04,99.06176167,87.5035916,810.7113399949847,-238.4408596917401,0.1348,7.914895652173911,8.591199999999999,11.016895652173911,6.588526086956522,nan,4.4811999999999985,6.898178260869562,3.3843086956521744,5.180873913043477,3.156113043478262
2020-01-17T11:54:10,99.061495,87.5035866,812.0044834530763,-238.39334543029256,0.04949,nan,6.776078181818179,nan,5.48009695652174,nan,4.117140434782609,5.870379565217391,3.1291186956521755,4.88364043478261,2.91542304347826
2020-01-17T11:54:17,99.06114834,87.5035833,812.8204026549299,-238.5542634688038,0.1942,6.56690638297872,6.335097872340424,7.617459574468084,5.075587234042552,10.143668421052631,3.8088638297872346,5.06052340425532,2.83811914893617,4.3527787234042545,2.6286085106382986
2020-01-17T11:54:26,99.060805,87.50357,814.0184911247088,-238.9641820886912,0.1118,5.735330434782609,6.217808695652174,6.912439130434782,4.921960869565217,7.582004347826087,3.722134782608695,4.752330434782608,2.77165652173913,4.149569565217391,2.5638086956521744
2020-01-17T11:54:33,99.06043834,87.5035667,814.7940425311035,-238.66275644466845,0.2324,5.197834042553192,4.8670042553191495,5.891174468085106,4.128195744680851,5.672217021276596,3.1792170212765964,3.98404680851064,2.3079829787234045,3.550961702127659,2.111514893617021
2020-01-17T11:54:42,99.06009667,87.503555,816.085432552095,-239.0450513060739,0.03153,5.472980638297872,4.4121721276595744,5.717278510638297,3.8571721276595747,5.1821082978723405,3.0390019148936176,3.787746595744681,2.197938085106382,3.410129574468085,1.9765551063829792
2020-01-17T11:57:15,99.05693667,87.5033383,816.9039728526401,-238.91729068145233,0.2346,5.247463829787233,4.059782978723404,5.3581872340425525,3.5730382978723414,4.831548936170212,2.781931914893617,3.5399744680851057,1.9383361702127666,3.1521234042553194,1.6963787234042558
2020-01-17T11:57:24,99.05648167,87.503325,818.0757870542529,-238.91979846322138,0.2425,5.239563829787234,4.0518829787234045,5.350287234042553,3.565138297872341,4.823648936170213,2.774031914893617,3.5320744680851055,1.9304361702127666,3.144223404255319,1.6884787234042558
2020-01-17T11:57:28,99.05625,87.5033184,819.3864092081527,-238.51739348801541,0.08259999999999999,4.677336170212765,3.830995744680851,4.852251063829786,3.425314893617023,4.407740425531915,2.728229787234043,3.3447617021276606,1.935187234042554,3.012782978723404,1.7042085106382983
2020-01-17T11:57:32,99.05595,87.5033133,820.0844772542634,-238.224134580778,0.1045,4.655436170212766,3.809095744680851,4.830351063829786,3.4034148936170228,4.385840425531915,2.706329787234043,3.3228617021276605,1.913287234042554,2.990882978723404,1.6823085106382982
2020-01-17T11:57:36,99.05577667,87.5033067,821.1488934184383,-237.9972128840994,0.1258,4.6083454545454545,3.5891636363636383,4.622309090909091,3.2124909090909095,4.2260363636363625,2.551272727272728,3.1830545454545454,1.7545636363636368,2.8612909090909096,1.5147818181818191
2020-01-17T11:57:43,99.05553334,87.5032984,821.5747943965208,-237.7845353329423,0.040510000000000004,4.424489999999999,3.5650769565217386,4.3585769565217385,3.293033478260871,4.061816086956522,2.7224900000000005,3.2339247826086956,1.9967943478260863,2.9651421739130432,1.7909247826086951
2020-01-17T11:57:47,99.05511166,87.5032967,822.1431973690574,-237.84328041252002,0.04388,4.421119999999999,3.5617069565217383,4.355206956521739,3.2896634782608705,4.058446086956523,2.71912,3.2305547826086953,1.9934243478260865,2.961772173913043,1.7875547826086953
2020-01-17T11:57:53,99.05481833,87.50329,823.8830958540559,-237.8126371900456,0.10779999999999999,3.7863842105263146,3.0833842105263156,3.682068421052631,2.893673684210526,3.48348947368421,2.4228315789473687,2.8399894736842106,1.7664894736842098,2.623910526315789,1.5683315789473684
2020-01-17T11:57:55,99.05469833,87.5032833,824.7789043320313,-237.7904372910767,0.04836,3.464585454545455,2.7955127272727274,3.380785454545454,2.6072945454545455,3.1378036363636364,2.1857854545454543,2.4994763636363633,1.5833127272727276,2.2949309090909082,1.4059672727272725
2020-01-17T11:58:01,99.05420333,87.5032783,825.039683240016,-237.27397432591832,0.02255,3.871634210526315,3.168634210526316,3.7673184210526314,2.9789236842105264,3.5687394736842104,2.508081578947369,2.925239473684211,1.8517394736842097,2.7091605263157894,1.6535815789473682
2020-01-17T11:58:04,99.05396333,87.503275,826.9307733061717,-237.15911004761173,0.03714,3.083179148936171,2.4710727659574467,3.020647234042554,2.305179148936169,2.7694344680851075,1.9288812765957453,2.1647748936170204,1.3709451063829785,1.966753617021277,1.207136595744681
2020-01-17T11:58:08,99.05354333,87.5032733,827.8171270730612,-237.03519286289045,0.03153,2.808852978723404,2.2426402127659584,2.7165338297872337,2.101278510638298,2.4748317021276596,1.7794274468085107,1.9445125531914893,1.2957891489361704,1.7679168085106387,1.159193404255319
2020-01-17T11:58:14,99.053095,87.5032684,829.5510500915495,-237.0212091915098,0.02817,2.5215800000000006,2.022133571428572,2.4089728571428566,1.9045085714285719,2.2059549999999994,1.6366692857142855,1.7549550000000007,1.221026428571429,1.605955000000001,1.1096157142857141
2020-01-17T11:58:18,99.05279666,87.5032617,831.2298620162402,-236.9993046557611,0.015260000000000001,2.5344900000000004,2.035043571428572,2.4218828571428563,1.9174185714285719,2.218864999999999,1.6495792857142855,1.7678650000000007,1.233936428571429,1.6188650000000009,1.1225257142857141
2020-01-17T11:59:55,99.06029,87.5030367,832.2377915095806,-236.61776824183266,0.021429999999999998,2.5283200000000003,2.028873571428572,2.4157128571428563,1.9112485714285719,2.212694999999999,1.6434092857142855,1.7616950000000007,1.227766428571429,1.6126950000000009,1.1163557142857141
