Date/Time, Lon, Lat, Local X, Local Y, Snow Depth (m), Ice Thickness f1525Hz_hcp_i (m), Ice Thickness f1525Hz_hcp_q (m) Ice Thickness f5325Hz_hcp_i (m), Ice Thickness f5325Hz_hcp_q (m), Ice Thickness f18325Hz_hcp_i (m), Ice Thickness f18325Hz_hcp_q (m), Ice Thickness f63025Hz_hcp_i (m),Ice Thickness f63025Hz_hcp_q (m), Ice Thickness f93075Hz_hcp_i (m), Ice Thickness f93075Hz_hcp_q (m)
2020-01-31T06:38:04,96.44554,87.44204,224.81233357576156,-412.2723518194932,0.1991,1.5515052631578945,1.2415578947368422,1.362057894736842,1.191163157894737,1.231636842105263,1.1360315789473685,1.1560578947368418,1.1018736842105261,1.1452947368421054,1.0953999999999997
2020-01-31T06:38:08,96.4453817,87.4420433,225.66392628042286,-411.71057751901594,0.19519999999999998,1.5554052631578945,1.2454578947368422,1.365957894736842,1.195063157894737,1.235536842105263,1.1399315789473685,1.1599578947368419,1.1057736842105261,1.1491947368421054,1.0992999999999997
2020-01-31T06:38:15,96.445175,87.442045,226.3501445357353,-411.4921911933611,0.1884,1.5622052631578947,1.2522578947368421,1.372757894736842,1.2018631578947372,1.2423368421052632,1.1467315789473687,1.166757894736842,1.1125736842105263,1.1559947368421053,1.1060999999999996
2020-01-31T06:38:20,96.444925,87.4420517,227.08377624608437,-410.77578697466504,0.2546,1.657084210526316,1.3121105263157893,1.4598473684210531,1.2511631578947369,1.3181894736842106,1.1726631578947362,1.2065315789473685,1.0894789473684217,1.1851631578947368,1.068347368421053
2020-01-31T06:38:25,96.444735,87.4420566,228.27348945562895,-410.70296432615345,0.26239999999999997,1.7918307692307693,1.4509333333333336,1.6132923076923074,1.3908051282051281,1.481574358974359,1.2949076923076925,1.349779487179487,1.1600615384615385,1.3167538461538464,1.115805128205128
2020-01-31T06:38:27,96.4446883,87.44206,229.1187348235847,-410.5242445032468,0.29719999999999996,1.7570307692307694,1.4161333333333337,1.5784923076923074,1.3560051282051282,1.4467743589743591,1.2601076923076926,1.314979487179487,1.1252615384615385,1.2819538461538464,1.081005128205128
2020-01-31T06:38:32,96.444465,87.4420617,229.363554242686,-410.6489737721143,0.3017,1.7525307692307692,1.4116333333333335,1.5739923076923072,1.351505128205128,1.442274358974359,1.2556076923076924,1.310479487179487,1.1207615384615384,1.2774538461538463,1.076505128205128
2020-01-31T06:38:37,96.4442367,87.4420633,230.26429568085487,-410.0801210692092,0.3017,1.815931578947369,1.5996421052631575,1.7516947368421054,1.536957894736842,1.6422736842105266,1.4307210526315788,1.5054052631578947,1.247510526315789,1.461878947368421,1.1803526315789468
2020-01-31T06:38:42,96.444005,87.442065,231.1856720116188,-409.49338301075824,0.3196,2.054374358974359,1.862682051282051,2.0246051282051276,1.7905282051282048,1.9222717948717953,1.6593230769230765,1.7820666666666662,1.4127076923076922,1.7385282051282047,1.3130410256410254
2020-01-31T06:38:50,96.443625,87.4420683,232.12651012173376,-408.9124489905693,0.44630000000000003,1.9276743589743588,1.735982051282051,1.8979051282051276,1.6638282051282047,1.7955717948717953,1.5326230769230764,1.6553666666666662,1.2860076923076922,1.6118282051282047,1.1863410256410254
2020-01-31T06:39:00,96.443465,87.44207,233.69488691592426,-408.03162029369844,0.5287,2.450957894736842,2.2095894736842103,2.4351157894736843,2.109326315789473,2.3178789473684205,1.8979315789473687,2.099563157894737,1.529405263157895,2.0340105263157895,1.396431578947368
2020-01-31T06:39:06,96.4432533,87.442075,234.07394290094553,-407.12554679410687,0.6357,2.8512230769230764,2.507094871794872,2.723658974358974,2.4169923076923077,2.6548384615384615,2.186146153846153,2.4573512820512815,1.7450948717948718,2.4016589743589756,1.5948384615384614
2020-01-31T06:39:14,96.443,87.4420766,234.98232416900413,-406.83282140865566,0.518,3.1795,3.116657894736843,3.231710526315789,3.0132894736842104,3.2572368421052618,2.7786842105263156,3.0946842105263164,2.2612894736842115,3.021447368421052,2.0879736842105263
2020-01-31T06:39:18,96.4429033,87.4420817,235.89160730274835,-405.94259126559416,0.4351,4.156233333333333,4.465800000000001,4.359299999999999,4.339266666666666,4.633633333333333,3.9405666666666668,4.577266666666666,3.195466666666668,4.460366666666666,2.9934000000000003
2020-01-31T06:39:27,96.4425917,87.44209,236.34224447991886,-406.0004116034999,0.2849,4.306433333333333,4.6160000000000005,4.509499999999999,4.489466666666666,4.783833333333333,4.090766666666666,4.727466666666666,3.3456666666666677,4.610566666666666,3.1436
2020-01-31T06:39:40,96.4423533,87.4420983,237.7022791892868,-405.6555152643365,0.26239999999999997,9.195266666666667,5.189112820512822,5.290676923076923,5.040702564102565,5.668933333333333,4.563446153846153,5.599010256410255,3.6590615384615397,5.331523076923077,3.4087538461538474
2020-01-31T06:39:47,96.4420833,87.4421016,238.5374953143625,-405.06813517696844,1.182,8.275666666666666,4.269512820512821,4.371076923076924,4.121102564102566,4.7493333333333325,3.643846153846153,4.679410256410254,2.7394615384615397,4.411923076923076,2.4891538461538474
2020-01-31T06:39:53,96.4418417,87.4421033,239.62530030040665,-404.42269897796234,0.7624,4.283984615384615,4.769241025641026,4.32883076923077,4.690317948717949,4.890010256410257,4.345676923076924,5.117087179487179,3.3789589743589734,4.7550871794871785,3.0971384615384614
2020-01-31T06:40:01,96.44156,87.442115,240.56979928309715,-403.7341599368028,0.853,5.197446808510637,4.662531914893616,4.322340425531914,4.645702127659575,4.968744680851067,4.397425531914894,5.445787234042553,3.4130000000000003,5.123829787234041,3.1069999999999993
2020-01-31T06:40:07,96.4413934,87.4421167,241.93928446909908,-403.88108717388627,0.835,5.215446808510637,4.680531914893616,4.340340425531914,4.663702127659575,4.986744680851067,4.415425531914893,5.463787234042552,3.431,5.141829787234041,3.1249999999999996
2020-01-31T06:40:13,96.4411433,87.44212,242.51647030294805,-403.2890143180136,1.047,4.173102564102565,4.02848717948718,3.8444615384615393,4.056307692307692,4.235307692307692,3.902282051282053,4.4909487179487195,3.1383333333333336,4.38148717948718,2.876666666666667
2020-01-31T06:40:19,96.4408983,87.4421216,243.54378255203886,-402.747689250264,0.9079999999999999,4.312102564102565,4.16748717948718,3.983461538461539,4.195307692307692,4.374307692307692,4.041282051282053,4.62994871794872,3.2773333333333334,4.52048717948718,3.015666666666667
2020-01-31T06:40:26,96.440645,87.4421283,244.491872152158,-402.0319708348508,0.7529,4.467202564102564,4.322587179487179,4.138561538461539,4.350407692307692,4.529407692307691,4.196382051282052,4.785048717948719,3.4324333333333334,4.675587179487179,3.170766666666667
2020-01-31T06:40:32,96.440475,87.4421317,245.59881468044827,-401.760668276921,0.4844,4.009915789473684,4.290257894736842,4.052363157894737,4.207994736842107,4.2990473684210535,4.068415789473683,4.399310526315788,3.5674947368421055,4.341415789473684,3.365205263157894
2020-01-31T06:40:39,96.4401866,87.4421333,246.24715450390795,-401.3455336648452,0.175,4.319315789473684,4.5996578947368425,4.361763157894737,4.517394736842107,4.608447368421054,4.377815789473683,4.708710526315788,3.8768947368421056,4.650815789473684,3.6746052631578943
2020-01-31T06:40:48,96.4399383,87.44214,247.3569343049299,-400.4783969815627,0.45640000000000003,4.016230434782608,4.217078260869566,4.028926086956521,4.034165217391306,4.163186956521739,3.8858608695652177,4.225404347826086,3.426686956521739,4.244491304347825,3.2635782608695645
2020-01-31T06:40:53,96.4397217,87.4421466,248.34915687309933,-400.0364859067073,0.397,5.089026315789475,4.125473684210525,4.116210526315789,3.9717631578947357,4.120657894736842,3.804842105263158,4.063552631578948,3.424289473684211,4.010131578947369,3.288236842105264
2020-01-31T06:40:59,96.4395433,87.4421483,249.3686364697556,-399.98537352969083,1.119,4.3670263157894755,3.4034736842105255,3.3942105263157893,3.249763157894736,3.398657894736843,3.0828421052631585,3.3415526315789483,2.7022894736842105,3.288131578947369,2.5662368421052646
2020-01-31T06:41:05,96.4393567,87.44215,250.00220742645126,-399.37644080952447,0.937,2.7702765957446793,2.30695744680851,2.4776382978723417,2.2137446808510637,2.3470851063829796,2.0648723404255325,2.2159787234042563,1.828765957446808,2.2026170212765956,1.7590638297872336
2020-01-31T06:41:10,96.4392033,87.4421517,250.6624462249262,-398.7406534182395,0.6997,2.1414315789473686,1.6296421052631582,1.8983526315789465,1.5064315789473683,1.6491947368421056,1.3298000000000005,1.422747368421052,1.1317736842105268,1.3757210526315786,1.0801947368421048
2020-01-31T06:41:15,96.4389983,87.4421533,251.20970402817076,-398.24165767582735,0.5041,2.337031578947369,1.8252421052631582,2.0939526315789463,1.7020315789473683,1.8447947368421056,1.5254000000000005,1.618347368421052,1.3273736842105268,1.5713210526315786,1.2757947368421048
2020-01-31T06:41:21,96.4388367,87.4421567,251.99997929954566,-397.657654820544,0.48,2.3611315789473686,1.8493421052631582,2.1180526315789465,1.7261315789473684,1.8688947368421056,1.5495000000000005,1.642447368421052,1.3514736842105268,1.5954210526315786,1.2998947368421048
2020-01-31T06:41:27,96.4386016,87.4421583,252.593339681494,-397.23670312930585,0.2916,1.9195063829787238,1.4131659574468087,1.6519744680851063,1.2911659574468088,1.3791872340425522,1.1639106382978723,1.2158468085106386,1.07503829787234,1.1893361702127658,1.052697872340426
2020-01-31T06:41:32,96.4383916,87.44216,253.47936102474716,-396.5174376823353,0.3331,1.878006382978724,1.3716659574468089,1.6104744680851064,1.249665957446809,1.3376872340425523,1.1224106382978725,1.1743468085106388,1.0335382978723402,1.147836170212766,1.0111978723404262
2020-01-31T06:41:37,96.4381966,87.4421634,254.29676674437843,-395.9369954029153,0.3566,1.678873684210526,1.1956894736842105,1.4172684210526314,1.0866368421052632,1.155663157894737,0.9840578947368424,1.023426315789474,0.9241368421052631,1.0040052631578942,0.909978947368421
2020-01-31T06:41:44,96.43796,87.4421667,255.09746488520778,-395.55995695050575,0.36450000000000005,1.593243589743589,1.076833333333333,1.2699615384615388,0.9817051282051281,1.0331153846153849,0.9040128205128204,0.9276538461538459,0.8776282051282049,0.914807692307692,0.8816538461538459
2020-01-31T06:41:51,96.4376267,87.44217,255.99764094321125,-394.928444269074,0.4172,1.3771421052631578,0.9898789473684211,1.1382473684210526,0.9159052631578948,0.9524315789473681,0.8539578947368422,0.8619052631578947,0.8425368421052637,0.8484842105263162,0.8570105263157892
2020-01-31T06:41:56,96.43751,87.4421733,257.359297657745,-394.1577202062116,0.4217,1.3595765957446808,1.0645340425531917,1.1595340425531917,1.0187468085106381,1.0605765957446802,0.9734489361702128,0.9928531914893619,0.9176617021276601,0.9750446808510638,0.9012361702127663
2020-01-31T06:42:01,96.4373467,87.442175,257.78314718968295,-393.8828184113107,0.3594,1.4162170212765959,1.1469617021276595,1.2221744680851065,1.113727659574468,1.1546000000000003,1.084770212765958,1.1153872340425526,1.019748936170213,1.102025531914894,0.9876851063829784
2020-01-31T06:42:07,96.4371117,87.4421783,258.3777532702152,-393.3693657049224,0.3129,1.4627170212765959,1.1934617021276595,1.2686744680851065,1.160227659574468,1.2011000000000003,1.131270212765958,1.1618872340425526,1.066248936170213,1.148525531914894,1.0341851063829783
2020-01-31T06:42:13,96.4369234,87.4421783,259.31820171161723,-392.8299554326766,0.3835,1.342563829787234,1.3017978723404267,1.3026063829787238,1.2969680851063827,1.3099680851063824,1.290648936170213,1.3040744680851064,1.2595000000000007,1.3060744680851066,1.2444787234042551
2020-01-31T06:42:18,96.4366933,87.44218,259.92935314232216,-392.0049370190373,0.397,1.3098717948717948,1.3509230769230771,1.3494871794871799,1.3544871794871793,1.3795897435897433,1.3413076923076923,1.3664358974358974,1.2719487179487174,1.3628205128205133,1.238897435897436
2020-01-31T06:42:22,96.43653,87.4421783,260.8427486563355,-391.39387145971716,0.24,1.5403846153846155,1.5793333333333335,1.560333333333333,1.6021794871794872,1.61576923076923,1.6077692307692304,1.6223589743589741,1.5545128205128202,1.6245384615384615,1.531538461538462
2020-01-31T06:42:28,96.43628,87.44218,261.37560926428046,-390.6077381981132,0.39030000000000004,1.3900846153846154,1.4290333333333334,1.4100333333333328,1.4518794871794871,1.4654692307692299,1.4574692307692303,1.472058974358974,1.4042128205128201,1.4742384615384614,1.3812384615384619
2020-01-31T06:42:34,96.43605,87.442185,262.33611050282707,-389.87576143937036,0.4267,1.3191666666666666,1.356833333333333,1.3420333333333334,1.3854,1.395366666666667,1.3870333333333331,1.4010333333333336,1.3409000000000004,1.401433333333334,1.3220666666666663
2020-01-31T06:42:38,96.4359116,87.4421867,263.3076182309689,-389.52548944292533,0.4794,1.205933333333333,1.2722000000000002,1.252033333333333,1.2760666666666667,1.2926999999999995,1.2703666666666666,1.2925999999999997,1.2173333333333336,1.293266666666667,1.1892000000000003
2020-01-31T06:42:44,96.4356717,87.4421867,263.8313544683326,-389.1388277377489,0.45530000000000004,1.2267,1.2758666666666665,1.258366666666667,1.2812333333333332,1.2932999999999997,1.2741999999999993,1.2906666666666664,1.2363000000000004,1.2918,1.2159999999999997
2020-01-31T06:42:48,96.4354,87.4421883,264.6888876943886,-388.2396892858294,0.4632,1.1128526315789473,1.09558947368421,1.1559578947368419,1.0728789473684206,1.1173789473684212,1.0198526315789471,1.0418789473684218,0.9414315789473675,1.022010526315789,0.9188789473684211
2020-01-31T06:42:52,96.435215,87.4421883,265.8455744738457,-387.6505387499126,0.48219999999999996,1.0938526315789474,1.07658947368421,1.136957894736842,1.0538789473684207,1.0983789473684213,1.0008526315789472,1.0228789473684219,0.9224315789473676,1.0030105263157891,0.8998789473684212
2020-01-31T06:43:10,96.4349333,87.4422067,266.5369207288003,-387.0150823911415,0.49119999999999997,1.0481684210526314,0.9869315789473679,1.050773684210526,0.9558526315789478,0.988536842105263,0.9038526315789474,0.9170631578947365,0.8598263157894735,0.9032473684210528,0.8525105263157894
2020-01-31T06:43:17,96.43478,87.4422083,267.60575291974703,-386.9039405258903,0.5236999999999999,0.9830179487179492,0.8944282051282052,0.9501205128205131,0.8657871794871798,0.8917615384615377,0.8247871794871798,0.8353512820512817,0.7954538461538462,0.8247615384615382,0.7909923076923077
2020-01-31T06:44:02,96.4444884,87.4423567,268.0489522875872,-386.2000019354254,0.5271,0.9340282051282051,0.8619769230769233,0.9056948717948717,0.8384128205128208,0.8520025641025645,0.8101564102564108,0.8110282051282053,0.8005153846153844,0.8035410256410257,0.803464102564103
