Date/Time, Lon, Lat, Local X, Local Y, Snow Depth (m), Ice Thickness f1525Hz_hcp_i (m), Ice Thickness f1525Hz_hcp_q (m) Ice Thickness f5325Hz_hcp_i (m), Ice Thickness f5325Hz_hcp_q (m), Ice Thickness f18325Hz_hcp_i (m), Ice Thickness f18325Hz_hcp_q (m), Ice Thickness f63025Hz_hcp_i (m),Ice Thickness f63025Hz_hcp_q (m), Ice Thickness f93075Hz_hcp_i (m), Ice Thickness f93075Hz_hcp_q (m)
2020-02-12T06:57:00,87.928645,87.866435,238.85613257623646,-468.9044468328196,0.1151,0.7694897435897436,1.2320794871794871,1.1301051282051282,1.2279,1.2037461538461538,1.229515384615385,1.2217205128205129,1.2348999999999999,1.2283358974358982,1.2364384615384612
2020-02-12T06:57:05,87.9283167,87.8664334,239.70289033864674,-468.4673142718663,0.10779999999999999,0.7767897435897436,1.2393794871794872,1.1374051282051283,1.2352,1.2110461538461539,1.236815384615385,1.229020512820513,1.2422,1.2356358974358983,1.2437384615384612
2020-02-12T06:57:10,87.928015,87.8664366,240.3870156523213,-467.69489722849323,0.09880000000000001,0.7857897435897436,1.248379487179487,1.1464051282051282,1.2442,1.2200461538461538,1.245815384615385,1.2380205128205128,1.2511999999999999,1.2446358974358982,1.2527384615384611
2020-02-12T06:57:14,87.927665,87.866435,241.0415723326419,-467.46911821427943,0.12240000000000001,0.7621897435897436,1.224779487179487,1.1228051282051281,1.2206,1.1964461538461537,1.222215384615385,1.2144205128205128,1.2275999999999998,1.2210358974358981,1.229138461538461
2020-02-12T06:57:19,87.9273317,87.8664317,241.94280584882273,-466.76182297539543,0.07975,0.8048397435897436,1.2674294871794871,1.1654551282051282,1.26325,1.2390961538461538,1.264865384615385,1.2570705128205129,1.2702499999999999,1.2636858974358982,1.2717884615384611
2020-02-12T06:57:24,87.9269066,87.8664301,242.61930404681607,-465.7986213920648,0.091,1.1235526315789475,1.2211315789473685,1.1829736842105265,1.2226315789473685,1.2138684210526312,1.2279473684210525,1.2226578947368423,1.2343947368421049,1.2269999999999996,1.238
2020-02-12T06:57:29,87.9265934,87.8664317,243.70156366825938,-464.9664219590117,0.10220000000000001,1.053321739130435,1.2039304347826087,1.158821739130435,1.208365217391304,1.194647826086956,1.2139086956521739,1.2065391304347823,1.2272347826086958,1.2119739130434786,1.2334086956521741
2020-02-12T06:57:34,87.9262417,87.8664317,244.3768797605774,-464.556911677561,0.0999,1.055621739130435,1.2062304347826087,1.161121739130435,1.210665217391304,1.196947826086956,1.2162086956521738,1.2088391304347823,1.2295347826086958,1.2142739130434785,1.2357086956521741
2020-02-12T06:57:38,87.9259283,87.8664266,245.18394215273702,-463.94689482174823,0.10949999999999999,1.052397435897436,1.1830384615384615,1.1528076923076926,1.1887820512820513,1.1781410256410256,1.1973205128205127,1.1896538461538462,1.2129102564102567,1.1947820512820508,1.2196794871794872
2020-02-12T06:57:45,87.9255367,87.8664283,245.87664730952332,-462.8757919726345,0.1016,1.0364645161290322,1.1444967741935483,1.1108193548387095,1.1447548387096775,1.132851612903226,1.1501096774193549,1.1403032258064514,1.1693999999999998,1.1444645161290323,1.1812387096774193
2020-02-12T06:57:49,87.9252034,87.8664301,246.62042429237883,-462.2719240879721,0.07246000000000001,1.0239502564102565,1.147052820512821,1.1210271794871798,1.1458733333333333,1.1365656410256415,1.144078461538462,1.1333605128205135,1.1572835897435896,1.134309230769231,1.1666425641025642
2020-02-12T06:57:54,87.9248699,87.8664317,247.5095969858486,-461.9506792878096,0.0977,0.9987102564102565,1.121812820512821,1.0957871794871799,1.1206333333333334,1.1113256410256416,1.1188384615384621,1.1081205128205136,1.1320435897435897,1.1090692307692311,1.1414025641025642
2020-02-12T06:57:58,87.9246616,87.8664317,248.26846661177842,-461.52874725597115,0.1493,0.9471102564102565,1.070212820512821,1.0441871794871798,1.0690333333333333,1.0597256410256415,1.067238461538462,1.0565205128205135,1.0804435897435896,1.057469230769231,1.0898025641025642
2020-02-12T06:58:03,87.9242633,87.8664283,248.61376390779236,-461.085997614203,0.11,0.9990217391304345,1.102586956521739,1.0768478260869567,1.0964782608695658,1.0869782608695655,1.0927826086956525,1.0812826086956526,1.107608695652174,1.0818695652173917,1.1190869565217387
2020-02-12T06:58:08,87.924005,87.8664283,249.55396451963668,-460.0695562146367,0.1263,0.9741210526315792,1.083121052631579,1.0603315789473684,1.0815947368421053,1.075778947368421,1.0812789473684215,1.0676210526315792,1.0939631578947373,1.0666473684210525,1.106857894736842
2020-02-12T06:58:13,87.9236917,87.8664283,249.97349491950996,-459.513694120582,0.1482,0.9522210526315792,1.0612210526315793,1.0384315789473684,1.0596947368421055,1.0538789473684211,1.0593789473684216,1.0457210526315794,1.0720631578947373,1.0447473684210524,1.0849578947368421
2020-02-12T06:58:17,87.92356,87.8664283,250.6192092148441,-458.9238661341914,0.11900000000000001,1.1233421052631583,1.1726578947368418,1.1396578947368423,1.1767631578947368,1.163315789473684,1.1878421052631576,1.1825526315789476,1.2087105263157893,1.1909473684210523,1.2135789473684213
2020-02-12T06:58:23,87.92302,87.866425,250.64669954736675,-458.5254974976434,0.1931,1.0492421052631582,1.0985578947368417,1.0655578947368423,1.1026631578947368,1.089215789473684,1.1137421052631575,1.1084526315789476,1.1346105263157893,1.1168473684210523,1.1394789473684213
2020-02-12T06:58:28,87.9226316,87.8664216,252.0414044635122,-457.35192669472576,0.1605,1.0466702127659575,1.1316702127659573,1.0959893617021272,1.13713829787234,1.1252234042553184,1.1481170212765957,1.1427340425531913,1.1653297872340427,1.1500957446808509,1.1707765957446807
2020-02-12T06:58:37,87.9221033,87.86642,252.9396055123657,-456.3402465719806,0.1975,1.0096702127659576,1.0946702127659573,1.0589893617021273,1.1001382978723402,1.0882234042553185,1.1111170212765957,1.1057340425531914,1.1283297872340428,1.113095744680851,1.1337765957446808
2020-02-12T06:58:44,87.9215366,87.8664216,253.9289773055836,-455.1240294556279,0.266,0.9036923076923078,1.016128205128205,0.9787179487179485,1.0195384615384613,1.006974358974359,1.0249230769230768,1.0133333333333328,1.042769230769231,1.0171282051282051,1.0538461538461539
2020-02-12T06:58:50,87.9212634,87.86642,255.3863862775702,-454.3961284876921,0.2929,0.9891769230769227,1.0415871794871798,1.0253564102564103,1.035638461538462,1.0333820512820522,1.0310230769230768,1.028689743589744,1.0357923076923081,1.0303307692307697,1.0398692307692308
2020-02-12T06:58:54,87.9210083,87.8664216,255.71233261918948,-453.575251259988,0.2828,1.1060205128205132,1.129405128205128,1.1126102564102565,1.1159692307692306,1.1156358974358977,1.113610256410257,1.1120974358974365,1.1160205128205134,1.1154820512820511,1.1193538461538466
2020-02-12T06:59:01,87.9205983,87.8664216,256.2739110747813,-453.2775216086516,0.2693,1.1434631578947365,1.1799894736842105,1.1632526315789473,1.1709105263157893,1.1695421052631576,1.1718052631578946,1.1694894736842105,1.176673684210527,1.172726315789474,1.181963157894737
2020-02-12T06:59:05,87.9203466,87.8664234,257.0589698083138,-452.4710999516289,0.2267,1.2009052631578951,1.2498789473684209,1.216694736842105,1.2343526315789477,1.2298263157894738,1.2397736842105265,1.2358789473684215,1.24858947368421,1.2414842105263157,1.2556947368421048
2020-02-12T06:59:10,87.920045,87.8664234,257.60381522335604,-452.2030671118321,0.2368,1.1908052631578951,1.2397789473684209,1.206594736842105,1.2242526315789477,1.2197263157894738,1.2296736842105265,1.2257789473684215,1.23848947368421,1.2313842105263157,1.2455947368421048
2020-02-12T06:59:15,87.91969,87.8664216,258.1940359740275,-451.6275584071063,0.3322,1.095405263157895,1.1443789473684207,1.1111947368421051,1.1288526315789478,1.1243263157894736,1.1342736842105265,1.1303789473684214,1.1430894736842099,1.1359842105263158,1.1501947368421048
2020-02-12T06:59:20,87.9193366,87.8664216,258.97404766374314,-450.82031013350826,0.3479,1.278757894736842,1.140942105263158,1.166468421052632,1.1021000000000005,1.103389473684211,1.0950736842105266,1.1049157894736839,1.1105736842105265,1.1140736842105268,1.114047368421053
2020-02-12T06:59:27,87.9188784,87.8664301,259.7773283785281,-450.2129014634605,0.3439,1.282757894736842,1.144942105263158,1.170468421052632,1.1061000000000005,1.107389473684211,1.0990736842105266,1.1089157894736839,1.1145736842105265,1.1180736842105268,1.118047368421053
2020-02-12T06:59:35,87.9184883,87.866435,260.89239619597026,-450.324014716232,0.331,1.2956578947368422,1.157842105263158,1.1833684210526318,1.1190000000000004,1.120289473684211,1.1119736842105266,1.121815789473684,1.1274736842105264,1.1309736842105267,1.1309473684210531
2020-02-12T06:59:40,87.9181783,87.8664334,261.53779674929694,-450.00163624703697,0.2323,1.5945947368421052,1.3867000000000005,1.4890157894736842,1.3092526315789472,1.334963157894737,1.249857894736842,1.2724631578947367,1.2514105263157895,1.2743842105263155,1.259094736842105
2020-02-12T06:59:49,87.9178217,87.8664301,262.1361637956136,-449.24435733314607,0.1875,1.6393947368421051,1.4315000000000004,1.5338157894736841,1.3540526315789472,1.379763157894737,1.294657894736842,1.3172631578947367,1.2962105263157895,1.3191842105263154,1.303894736842105
2020-02-12T06:59:55,87.9173616,87.8664301,262.3781182955553,-447.959038998098,0.1673,1.8351871794871792,1.6823666666666663,1.8648282051282057,1.5743923076923074,1.6761615384615391,1.4214179487179495,1.469597435897436,1.2950076923076925,1.4365205128205134,1.2798794871794874
2020-02-12T07:00:04,87.9169118,87.8664317,263.4903273870341,-447.2081590022563,0.2256,1.7768871794871792,1.6240666666666663,1.8065282051282057,1.5160923076923074,1.6178615384615391,1.3631179487179494,1.411297435897436,1.2367076923076925,1.3782205128205134,1.2215794871794874
2020-02-12T07:00:10,87.916385,87.8664301,264.1852355200194,-446.41635536932745,0.2144,2.044292307692308,1.8439589743589746,2.0404717948717943,1.7449846153846158,1.8842153846153846,1.578651282051282,1.6504461538461535,1.3764461538461543,1.598446153846154,1.3362410256410255
2020-02-12T07:00:26,87.91574,87.8664301,265.5280448855741,-445.4621950634158,0.2407,2.5720692307692308,2.43904358974359,2.615274358974359,2.3240435897435905,2.5028641025641023,2.1254282051282054,2.268017948717949,1.8086076923076932,2.2021974358974363,1.7237871794871795
2020-02-12T07:00:39,87.9151033,87.8664366,266.0550267801992,-443.85716514858643,0.266,2.5467692307692307,2.4137435897435897,2.589974358974359,2.2987435897435904,2.477564102564102,2.1001282051282053,2.242717948717949,1.7833076923076931,2.1768974358974362,1.6984871794871794
2020-02-12T07:00:48,87.914795,87.8664434,267.05401104767,-443.20181565515094,0.6154,2.6219617021276598,2.8191106382978726,2.933770212765957,2.7214085106382973,2.9384510638297883,2.456940425531915,2.695089361702128,1.9977489361702132,2.613812765957446,1.8643446808510638
2020-02-12T07:00:58,87.9144366,87.8664466,267.23879092325484,-443.08375729248644,0.39049999999999996,2.8468617021276597,3.0440106382978724,3.158670212765957,2.9463085106382976,3.163351063829788,2.6818404255319153,2.919989361702128,2.2226489361702133,2.8387127659574465,2.089244680851064
2020-02-12T07:01:04,87.9140733,87.8664466,267.4373075296812,-442.4617206426741,0.38439999999999996,2.8529617021276596,3.0501106382978724,3.164770212765957,2.9524085106382976,3.169451063829788,2.6879404255319153,2.926089361702128,2.2287489361702133,2.8448127659574465,2.095344680851064
2020-02-12T07:01:13,87.9136266,87.8664483,268.13567686124134,-441.7828473816013,0.37929999999999997,2.8580617021276593,3.055210638297872,3.1698702127659573,2.9575085106382977,3.174551063829788,2.6930404255319154,2.9311893617021276,2.2338489361702134,2.8499127659574466,2.100444680851064
2020-02-12T07:01:18,87.9132766,87.8664483,268.8082473617915,-441.01101879325404,0.4522,2.9499025641025645,3.134312820512818,3.2721589743589745,3.016800000000001,3.2724923076923074,2.707133333333333,3.0196461538461534,2.193748717948719,2.948671794871796,2.035543589743589
2020-02-12T07:01:28,87.9129299,87.8664534,269.5851302020692,-440.4153330443754,0.3569,3.0452025641025644,3.229612820512818,3.3674589743589745,3.1121000000000008,3.3677923076923073,2.802433333333333,3.1149461538461534,2.289048717948719,3.043971794871796,2.130843589743589
2020-02-12T07:01:45,87.9119234,87.8664617,269.7701822055777,-440.0045425185237,0.266,3.1361025641025644,3.320512820512818,3.4583589743589744,3.2030000000000007,3.4586923076923073,2.893333333333333,3.2058461538461533,2.379948717948719,3.134871794871796,2.221743589743589
2020-02-12T07:01:57,87.9115766,87.8664683,271.79417305799376,-439.0092431148414,0.1112,3.6723957446808515,4.006331914893615,4.142012765957447,3.846544680851062,4.05875744680851,3.467459574468085,3.769608510638298,2.9650978723404258,3.680161702127659,2.8271617021276594
2020-02-12T07:02:06,87.9109983,87.8664717,271.7395428019672,-438.6119939438781,0.4191,3.364495744680852,3.698431914893616,3.8341127659574474,3.5386446808510623,3.7508574468085105,3.1595595744680853,3.4617085106382985,2.657197872340426,3.3722617021276595,2.5192617021276598
2020-02-12T07:02:15,87.910575,87.86648,272.9986228076264,-437.9562362135242,0.7495999999999999,3.0339957446808516,3.3679319148936155,3.503612765957447,3.208144680851062,3.4203574468085103,2.829059574468085,3.1312085106382983,2.326697872340426,3.0417617021276593,2.1887617021276595
2020-02-12T07:02:27,87.9101466,87.8664783,273.7094866419442,-437.94132183309154,0.9940000000000001,6.960666666666669,3.1884102564102563,3.8492820512820525,3.055205128205127,3.464871794871796,2.671384615384615,3.088358974358974,2.1323846153846153,2.997410256410257,1.9859999999999989
2020-02-12T07:02:36,87.9095284,87.86648,273.8877602513049,-436.5945720619107,1.084,3.7656052631578922,3.2996578947368405,3.5635526315789456,3.1202631578947373,3.4120263157894732,2.7442631578947374,3.110078947368422,2.23878947368421,3.0287894736842094,2.108315789473685
2020-02-12T07:02:46,87.9088733,87.86649,275.2916471781813,-435.7312620205282,0.9359999999999999,3.9136052631578924,3.4476578947368406,3.7115526315789458,3.2682631578947374,3.5600263157894734,2.8922631578947375,3.258078947368422,2.3867894736842103,3.1767894736842095,2.256315789473685
2020-02-12T07:02:56,87.908465,87.8664916,276.8543282045587,-435.6877627356183,0.875,2.891769230769231,3.3129230769230755,3.3431538461538466,3.1735384615384623,3.3371025641025645,2.8029487179487185,3.0322307692307686,2.3382307692307687,2.9189487179487186,2.221333333333333
2020-02-12T07:03:01,87.90816,87.8664934,277.2638312769395,-434.8675651314957,0.7114,3.055369230769231,3.4765230769230753,3.5067538461538463,3.337138461538462,3.500702564102564,2.9665487179487187,3.195830769230769,2.501830769230769,3.0825487179487183,2.3849333333333327
2020-02-12T07:03:11,87.907495,87.8665,277.90094869585215,-434.5072161254327,0.6099,3.8976789473684197,3.4606,3.7117842105263157,3.3302842105263157,3.561968421052631,3.032205263157895,3.2782578947368437,2.6083631578947357,3.19702105263158,2.5003105263157894
2020-02-12T07:03:16,87.9073284,87.8664967,279.45961782965514,-434.09227776724623,0.6099,3.8976789473684197,3.4606,3.7117842105263157,3.3302842105263157,3.561968421052631,3.032205263157895,3.2782578947368437,2.6083631578947357,3.19702105263158,2.5003105263157894
2020-02-12T07:03:28,87.906695,87.8665017,279.44821561014584,-433.25720298629403,0.5011,4.00647894736842,3.5694,3.8205842105263157,3.4390842105263157,3.670768421052631,3.141005263157895,3.3870578947368437,2.7171631578947357,3.30582105263158,2.6091105263157894
2020-02-12T07:03:36,87.9062117,87.86651,280.59384046636865,-432.53765125100415,0.1067,3.1356333333333337,3.579351282051282,3.482684615384615,3.556889743589744,3.578633333333333,3.5042743589743597,3.5664794871794867,3.35455641025641,3.5692743589743596,3.2975051282051284
2020-02-12T07:03:42,87.9059,87.86651,281.69019427718445,-432.56948674066075,0.3513,2.8910333333333336,3.3347512820512817,3.238084615384615,3.312289743589744,3.3340333333333327,3.2596743589743595,3.3218794871794866,3.1099564102564097,3.3246743589743595,3.0529051282051283
2020-02-12T07:03:56,87.9053666,87.866515,282.201482909109,-431.93671822465865,0.34850000000000003,2.8938333333333337,3.337551282051282,3.240884615384615,3.315089743589744,3.336833333333333,3.2624743589743597,3.3246794871794867,3.11275641025641,3.3274743589743596,3.0557051282051284
2020-02-12T07:04:00,87.9052483,87.8665167,282.6791521027265,-431.13119710894085,0.43939999999999996,2.668189743589744,3.086215384615385,2.973882051282051,3.066292307692307,3.058805128205128,3.0462410256410255,3.09283076923077,2.952548717948718,3.1107282051282055,2.9098051282051283
2020-02-12T07:04:03,87.90504,87.866515,282.6798518509741,-430.9518652290612,0.413,2.694589743589744,3.1126153846153852,3.0002820512820514,3.092692307692307,3.085205128205128,3.0726410256410257,3.11923076923077,2.978948717948718,3.1371282051282057,2.9362051282051285
2020-02-12T07:04:07,87.9047017,87.8665133,283.1264446075251,-430.43010180921317,0.312,2.795589743589744,3.213615384615385,3.1012820512820514,3.193692307692307,3.186205128205128,3.1736410256410257,3.22023076923077,3.079948717948718,3.2381282051282056,3.0372051282051284
2020-02-12T07:04:11,87.904195,87.866515,283.9803362032816,-429.7601026877078,0.2324,3.1692842105263157,3.0390736842105253,3.0589421052631582,3.017468421052631,3.039784210526317,3.006521052631579,3.0519157894736844,2.969521052631578,3.0731,2.9351000000000003
2020-02-12T07:04:17,87.9039983,87.866515,285.5826210019523,-429.36308545498355,0.2009,2.585994736842106,2.0041,2.1969157894736844,1.8979157894736842,2.0002842105263157,1.7991263157894732,1.8876526315789472,1.6576,1.8646789473684209,1.6081263157894734
2020-02-12T07:04:21,87.9036267,87.8665117,285.6271818298578,-428.8295054223746,0.4747,2.312194736842106,1.7303000000000002,1.9231157894736843,1.6241157894736844,1.7264842105263156,1.5253263157894734,1.6138526315789474,1.3838,1.590878947368421,1.3343263157894736
2020-02-12T07:04:25,87.9032084,87.866515,286.5919498988299,-427.96258522271705,0.41859999999999997,2.3682947368421057,1.7864,1.9792157894736842,1.6802157894736842,1.7825842105263154,1.5814263157894732,1.6699526315789472,1.4399000000000002,1.6469789473684209,1.3904263157894734
2020-02-12T07:04:32,87.9027334,87.866515,287.8569115126994,-427.7964633471616,0.1067,2.134633333333333,1.7414794871794865,1.974992307692307,1.6099410256410256,1.6990179487179495,1.465120512820513,1.5122487179487174,1.3768897435897436,1.4825820512820518,1.368787179487179
2020-02-12T07:04:38,87.9023684,87.8665133,288.91889491139966,-427.02447046708323,0.1246,2.225110526315789,1.6062421052631584,1.9261105263157887,1.4607421052631582,1.5714526315789474,1.2968736842105257,1.3590315789473681,1.2023473684210528,1.331478947368421,1.1879789473684206
2020-02-12T07:04:44,87.902055,87.8665117,289.6280657639462,-426.2006872625518,0.165,1.8215384615384613,1.8758461538461542,2.0245897435897438,1.7559743589743588,1.836153846153846,1.593051282051283,1.6491025641025636,1.4890000000000003,1.6250256410256407,1.4743846153846156
2020-02-12T07:06:51,87.9129617,87.8669367,290.12669487801867,-425.4194341183263,0.1998,1.7867384615384614,1.8410461538461542,1.9897897435897438,1.7211743589743589,1.801353846153846,1.558251282051283,1.6143025641025637,1.4542000000000004,1.5902256410256408,1.4395846153846157
